% Encoding: UTF-8

@Article{杨庆军2012浅谈,
  author  = {杨庆军 and 孙满},
  journal = {中国外资},
  title   = {浅谈 ERP 环境下的原材料管理},
  year    = {2012},
  number  = {7},
  pages   = {196--196},
}

@article{金王莉2018基于熵权,
  title={基于熵权 TOPSIS 法的产业综合优势分析——以苏州制造业为例},
  author={金王莉},
  journal={中国商论},
  number={28},
  pages={159--162},
  year={2018}
}

@article{基于熵权法的中小微企业信贷策略研究 ,
   title={基于熵权法的中小微企业信贷策略研究},
   author={段钧瀚;陈洋;瞿龙;向佳颖;赵慕真;},
   authoraddress={合肥工业大学材料科学与工程学院;合肥工业大学土木与水利工程学院;},
   journal={中小企业管理与科技(中旬刊)},
   year={2021},
   number={06},
   pages={98-99},
   keywords={熵权法;聚类分析;贷款额度},
   abstract={论文主要针对中小微企业的信贷策略进行了相关研究,利用熵权法求解出企业贷款策略的最优解。首先将123家企业的信贷风险影响因素量化,经熵权法得出各公司的整体优先指数,得到88家企业按优先指数大小排序;其次选择k-means聚类分析对得出的各企业优先指数进行聚类分析,对得出档位进行分级,划分为4档;最后通过各代表企业的贷款数额与其对应信誉评级的贷款利率相乘后,所得的银行最大盈利值对应的年利率即为最优年利率,为4.65%。},
   isbn/issn={1673-1069},
   notes={13-1355/f},
   databaseprovider={cnki},
}

@Article{李红燕2018论企业原材料的管理和研究,
  author  = {李红燕},
  journal = {财会学习},
  title   = {论企业原材料的管理和研究},
  year    = {2018},
  number  = {2},
  pages   = {181--181},
}

@article{供应链 ,
   title={基于供应链管理的供应商选择问题初探},
   author={马丽娟},
   authoraddress={上海大学管理学院上海　201800},
   journal={工业工程与管理},
   year={2002},
   number={06},
   pages={23-25},
   keywords={供应链管理;供应商选择;评价指标;topsis},
   abstract={首先讨论了供应链环境下选择供应商的意义,然后建立了供应商选择的评价指标体系,重点讨论了应用topsis方法对供应商选择的模型及算法,最后用一个简单的案例进行了说明。},
   isbn/issn={1007-5429},
   notes={31-1738/t},
   databaseprovider={cnki},
}

@Article{顾丽娟2014基于最优供应商数量的补货策略研究,
  author  = {顾丽娟},
  journal = {洛阳理工学院学报: 社会科学版},
  title   = {基于最优供应商数量的补货策略研究},
  year    = {2014},
  number  = {6},
  pages   = {21--24},
}

@article{lecun2015deep,
  title={Deep learning},
  author={LeCun, Yann and Bengio, Yoshua and Hinton, Geoffrey},
  journal={nature},
  volume={521},
  number={7553},
  pages={436--444},
  year={2015},
  publisher={Nature Publishing Group}
}

@article{王鑫2018基于,
  title={基于 LSTM 循环神经网络的故障时间序列预测},
  author={王鑫 and 吴际 and 刘超 and 杨海燕 and 杜艳丽 and 牛文生},
  year={2018},
  publisher={北京航空航天大学学报}
}

@article{李鹏2018基于长短期记忆的实时电价条件下智能电网短期负荷预测,
  title={基于长短期记忆的实时电价条件下智能电网短期负荷预测},
  author={李鹏 and 何帅 and 韩鹏飞 and 郑苗苗 and 黄敏 and 孙健},
  journal={电网技术},
  volume={42},
  number={12},
  pages={4045--4052},
  year={2018}
}

@Comment{jabref-meta: databaseType:bibtex;}
