@article{中国古代玻璃的起源和发展 ,
   title={中国古代玻璃的起源和发展},
   author={干福熹;},
   authoraddress={中国科学院,教授复旦大学,上海200433,,院士,研究员,中国科学院上海光学精密机械研究所,上海201800},
   journal={自然杂志},
   year={2006},
   number={04},
   pages={187-193+184},
   keywords={古代玻璃;科学考古;化学成分;中国内地},
   abstract={本文对中国古代玻璃的研究概况以及近半个多世纪来科技考古的结果作了简要的阐述。中国内地的古代玻璃技术产生于公元前500年春秋末战国初期。从中国出土的古代玻璃的化学成分的演变,阐明了中国古代玻璃的发展特点,并分析了中国内地的古代玻璃与西方古代玻璃的产生差异的原因。},
   isbn/issn={0253-9608},
   notes={31-1418/n},
   databaseprovider={cnki},
}

@book{伍德里奇2014计量经济学导论,
  title={计量经济学导论: 现代观点},
  author={伍德里奇},
  year={2014},
  publisher={清华大学出版社},
  address = {北京},
  pages = {185}
}

@book{连接函数,
  title={Python数学建模算法与应用},
  author={司首奎},
  year={2022},
  publisher={国防工业出版社},
  address = {北京},
  pages = {312-319}
}

@book{方差齐性,
  title={概率论与数理统计（第五版）},
  author={盛骤},
  year={2019},
  publisher={高等教育出版社},
  address = {北京},
  pages = {194-195}
}

@book{映射,
  title={数学分析第四版上册},
  author={华东师范大学数学系},
  year={2010},
  publisher={高等教育出版社},
  address = {北京},
  pages = {10}
}

@book{多因素方差分析,
  title={概率论与数理统计},
  author={陈希儒},
  year={2009},
  publisher={中国科学技术大学出版社},
  address = {安徽省},
  pages = {321-325}
}

@book{最速下降法,
  title={最优化理论与方法},
  author={袁亚湘},
  year={1997},
  publisher={科学出版社},
  address = {北京},
  pages = {108-120}
}

@book{神经网络结构,
  title={动手学深度学习},
  author={李沐},
  year={2021},
  publisher={人民邮电出版社},
  address = {北京},
  pages = {55-57}
}

@article{spss ,
   title={基于spss软件多因素方差分析在化学实验中的应用},
   author={李瑞歌;张梦娇;吴璐璐;吕东灿;史力军;安万凯;赵仲麟;袁超;},
   authoraddress={河南农业大学理学院;},
   journal={农业网络信息},
   year={2017},
   number={04},
   pages={22-26},
   keywords={spss软件;多因素;方差分析;化学实验;教学},
   abstract={本文以两因素完全随机有重复的试验为例,阐述了用spss软进行方差分析的详细过程,包括方差分析的原理,数据的输入、变异来源的分析等,并以一个经典的化学实验为例进行了分析,演示了其spss操作过程,为初学者呈现简单明了、操作性强的方差分析的全过程,最后对方差分析注意事项进行分析,为科技工作者使用spss软进方差分析提供参考。},
   isbn/issn={1672-6251},
   notes={11-5065/tp},
   databaseprovider={cnki},
}